@book{Author1990,
    author = {A. Author},
    title = {Handbook of Everything},
    year = {1990},
    publisher = {Some Press},
}

@article{Someone2000,
    author = {S. Someone},
    title = {On this and that},
    journal = {Journal of This and That},
    volume = {2},
    number = {1},
    pages = {50--100},
    year = {2000},
}
